@inproceedings{lafortune1993bi,
  title={Bi-directional path tracing},
  author={Lafortune, Eric P and Willems, Yves D},
  booktitle={Proceedings of CompuGraphics},
  volume={93},
  pages={145--153},
  year={1993}
}
